@article{PhysRevA.48.3561,
  title = {Two electrons in an external oscillator potential: Particular analytic solutions of a Coulomb correlation problem},
  author = {Taut, M.},
  journal = {Phys. Rev. A},
  volume = {48},
  issue = {5},
  pages = {3561--3566},
  numpages = {0},
  year = {1993},
  month = {Nov},
  publisher = {American Physical Society},
  doi = {10.1103/PhysRevA.48.3561},
  url = {http://link.aps.org/doi/10.1103/PhysRevA.48.3561}
}

@Misc{Computational,
title= {Diagonalization and eigenvalue problems},
author= {Morten Hjorth-Jensen},
howpublished = {\url{https://compphysics.github.io/ComputationalPhysicsMSU/doc/pub/ode/pdf/ode-beamer.pdf}},
year = {2017}
} 

@Misc{white,
title = {Objects of Interest: White dwarf stars},
author= {NASA},
howpublished ={\url{https://imagine.gsfc.nasa.gov/science/objects/dwarfs2.html}}
}

@Misc{computational_dwarf_star,
title = {White dwarf star},
author= {Morten Hjorth-Jensen},
howpublished ={\url{https://compphysics.github.io/ComputationalPhysicsMSU/doc/Projects/2017/Project4/WhiteDwarf/pdf/WhiteDwarf.pdf}}
}
